@inproceedings{depthcues1,
  title={Depth cues in human visual perception and their realization in 3D displays},
  author={Reichelt, Stephan and H{\"a}ussler, Ralf and F{\"u}tterer, Gerald and Leister, Norbert},
  booktitle={SPIE Defense, Security, and Sensing},
  pages={76900B--76900B},
  year={2010},
  organization={International Society for Optics and Photonics}
}

@article{banksLimits,
  title={Limits of stereopsis explained by local cross-correlation},
  author={Filippini, Heather R and Banks, Martin S},
  journal={Journal of Vision},
  volume={9},
  number={1},
  pages={8},
  year={2009},
  publisher={Association for Research in Vision and Ophthalmology}
}

@misc{ wiki:depth_perception,
   author = "Wikipedia",
   title = "Depth perception --- Wikipedia{,} The Free Encyclopedia",
   year = "2015",
   url = "https://en.wikipedia.org/w/index.php?title=Depth_perception&oldid=669774707",
   note = "[Online; accessed 20-August-2015]"
 }

 @article{Shadow_stereopsis,
  title={The power of shadows: shadow stereopsis},
  author={Puerta, Antonio Medina},
  journal={JOSA A},
  volume={6},
  number={2},
  pages={309--311},
  year={1989},
  publisher={Optical Society of America}
}

@article{CueFusion,
  title={Measurement and modeling of depth cue combination: In defense of weak fusion},
  author={Landy, Michael S and Maloney, Laurence T and Johnston, Elizabeth B and Young, Mark},
  journal={Vision research},
  volume={35},
  number={3},
  pages={389--412},
  year={1995},
  publisher={Elsevier}
}

 @article{ wiki:stereopsis,
   author = "Wikipedia",
   title = "Stereopsis --- Wikipedia{,} The Free Encyclopedia",
   year = "2015",
   url = "https://en.wikipedia.org/w/index.php?title=Stereopsis&oldid=665303871",
   note = "[Online; accessed 21-August-2015]"
 }

  @misc{ wiki:horoptor,
   author = "Wikipedia",
   title = "Horopter --- Wikipedia{,} The Free Encyclopedia",
   year = "2015",
   url = "\url{https://en.wikipedia.org/w/index.php?title=Horopter&oldid=673649386}",
   note = "[Online; accessed 21-August-2015]"
 }

@Book{howard1995binocular,
 author = {Howard, Ian},
 title = {Binocular vision and stereopsis},
 publisher = {Oxford University Press},
 year = {1995},
 address = {New York},
 isbn = {9780195084764}
 }

 @misc{ wiki:wheatstone,
   author = "Wikipedia",
   title = "Stereoscope --- Wikipedia{,} The Free Encyclopedia",
   year = "2015",
   url = "https://en.wikipedia.org/w/index.php?title=Stereoscope&oldid=655042748",
   note = "[Online; accessed 23-August-2015]"
 }

 @article{woods2012crosstalk,
  title={Crosstalk in stereoscopic displays: a review},
  author={Woods, Andrew J},
  journal={Journal of Electronic Imaging},
  volume={21},
  number={4},
  pages={040902--040902},
  year={2012},
  publisher={International Society for Optics and Photonics}
}

@inproceedings{wilcox2003determinants,
  title={Determinants of perceived image quality: ghosting vs. brightness},
  author={Wilcox, Laurie M and Stewart, Jeffrey AD},
  booktitle={Electronic Imaging 2003},
  pages={263--268},
  year={2003},
  organization={International Society for Optics and Photonics}
}

@article{burt1980disparity,
  title={A disparity gradient limit for binocular fusion},
  author={Burt, Peter and Julesz, Bela},
  journal={Science},
  volume={208},
  number={4444},
  pages={615--617},
  year={1980},
  publisher={American Association for the Advancement of Science}
}

 @misc{ wiki:polarizationwiki,
   author = "Wikipedia",
   title = "Polarized 3D system --- Wikipedia{,} The Free Encyclopedia",
   year = "2015",
   url = "https://en.wikipedia.org/w/index.php?title=Polarized_3D_system&oldid=656144173",
   note = "[Online; accessed 8-September-2015]"
 }

 @article{hong2010analysis,
  title={Analysis of angular dependence of 3-D technology using polarized eyeglasses},
  author={Hong, HyungKi and Jang, JunWoo and Lee, DonGyou and Lim, Moojong and Shin, Hyunho},
  journal={Journal of the Society for Information Display},
  volume={18},
  number={1},
  pages={8},
  year={2010}
}

@inproceedings{huang2003crosstalk,
  title={How crosstalk affects stereopsis in stereoscopic displays},
  author={Huang, KuoChung and Yuan, Jy-Chyi and Tsai, Chao-Hsu and Hsueh, Wen-Jean and Wang, Nai-Yueh},
  booktitle={Electronic Imaging 2003},
  pages={247--253},
  year={2003},
  organization={International Society for Optics and Photonics}
}

@misc{webber,
  title = {Visual Perception, Contrast, Gamma, and MTF},
  author={C. A. Bouman},
  url = {\url{https://engineering.purdue.edu/~bouman/ece637/notes/pdf/Vision.pdf}},
  note = {Accessed: 2015-09-29}
}

@inproceedings{wilcox2003determinants,
  title={Determinants of perceived image quality: ghosting vs. brightness},
  author={Wilcox, Laurie M and Stewart, Jeffrey AD},
  booktitle={Electronic Imaging 2003},
  pages={263--268},
  year={2003},
  organization={International Society for Optics and Photonics}
}

@article{rohaly1999effects,
  title={The effects of contrast on perceived depth and depth discrimination},
  author={Rohaly, Ann Marie and Wilson, Hugh R},
  journal={Vision Research},
  volume={39},
  number={1},
  pages={9--18},
  year={1999},
  publisher={Elsevier}
}

@article{tsirlin2011effect,
  title={The effect of crosstalk on the perceived depth from disparity and monocular occlusions},
  author={Tsirlin, Inna and Wilcox, Laurie M and Allison, Robert S},
  journal={Broadcasting, IEEE Transactions on},
  volume={57},
  number={2},
  pages={445--453},
  year={2011},
  publisher={IEEE}
}

@article{tsirlin2012effect,
  title={Effect of crosstalk on depth magnitude in thin structures},
  author={Tsirlin, Inna and Wilcox, Laurie M and Allison, Robert S},
  journal={Journal of Electronic Imaging},
  volume={21},
  number={1},
  pages={011003--1},
  year={2012},
  publisher={International Society for Optics and Photonics}
}

@inproceedings{tsirlin2012crosstalk,
  title={Crosstalk reduces the amount of depth seen in 3D images of natural scenes},
  author={Tsirlin, Inna and Allison, Robert S and Wilcox, Laurie M},
  booktitle={IS\&T/SPIE Electronic Imaging},
  pages={82880W--82880W},
  year={2012},
  organization={International Society for Optics and Photonics}
}

@article{cormack1991interocular,
  title={Interocular correlation, luminance contrast and cyclopean processing},
  author={Cormack, Lawrence K and Stevenson, Scott B and Schor, Clifton M},
  journal={Vision Research},
  volume={31},
  number={12},
  pages={2195--2207},
  year={1991},
  publisher={Elsevier}
}

@article{filippini2009limits,
  title={Limits of stereopsis explained by local cross-correlation},
  author={Filippini, Heather R and Banks, Martin S},
  journal={Journal of Vision},
  volume={9},
  number={1},
  pages={8},
  year={2009},
  publisher={Association for Research in Vision and Ophthalmology}
}